@article{HassanAA23,
  author       = {Ahdi Hassan and
                  Abdalilah. G. I. Alhalangy and
                  Fahad Al{-}Zahrani},
  title        = {Fake Accounts Identification in Mobile Communication Networks Based
                  on Machine Learning},
  journal      = {Int. J. Interact. Mob. Technol.},
  volume       = {17},
  number       = {4},
  pages        = {64--74},
  year         = {2023},
  url          = {https://doi.org/10.3991/ijim.v17i04.37645},
  doi          = {10.3991/ijim.v17i04.37645},
  timestamp    = {Sat, 30 Sep 2023 10:15:34 +0200},
  biburl       = {https://dblp.org/rec/journals/ijim/HassanAA23.bib},
  bibsource    = {dblp computer science bibliography, https://dblp.org}
}

@article{abs-2308-05353,
  author       = {Adam Breuer and
                  Nazanin Khosravani Tehrani and
                  Michael Tingley and
                  Bradford Cottel},
  title        = {Preemptive Detection of Fake Accounts on Social Networks via Multi-Class
                  Preferential Attachment Classifiers},
  journal      = {CoRR},
  volume       = {abs/2308.05353},
  year         = {2023},
  url          = {https://doi.org/10.48550/arXiv.2308.05353},
  doi          = {10.48550/arXiv.2308.05353},
  eprinttype    = {arXiv},
  eprint       = {2308.05353},
  timestamp    = {Tue, 22 Aug 2023 13:58:15 +0200},
  biburl       = {https://dblp.org/rec/journals/corr/abs-2308-05353.bib},
  bibsource    = {dblp computer science bibliography, https://dblp.org}
}

@article{MohammadrezaeiS19,
  author       = {Mohammadreza Mohammadrezaei and
                  Mohammad Ebrahim Shiri and
                  Amir Masoud Rahmani},
  title        = {Detection of Fake Accounts in Social Networks Based on One Class Classification},
  journal      = {{ISC} Int. J. Inf. Secur.},
  volume       = {11},
  number       = {2},
  pages        = {173--183},
  year         = {2019},
  url          = {https://doi.org/10.22042/isecure.2019.165312.450},
  doi          = {10.22042/isecure.2019.165312.450},
  timestamp    = {Thu, 27 Aug 2020 13:19:22 +0200},
  biburl       = {https://dblp.org/rec/journals/isecure/MohammadrezaeiS19.bib},
  bibsource    = {dblp computer science bibliography, https://dblp.org}
}


@inproceedings{StolbovaGI21,
  author       = {Anastasia Stolbova and
                  Rustam Ganeev and
                  Anton Ivaschenko},
  title        = {Intelligent Identification of Fake Accounts on Social Media},
  booktitle    = {30th Conference of Open Innovations Association, {FRUCT} 2021, Oulu,
                  Finland, October 27-29, 2021},
  pages        = {279--284},
  publisher    = {{IEEE}},
  year         = {2021},
  url          = {https://doi.org/10.23919/FRUCT53335.2021.9599974},
  doi          = {10.23919/FRUCT53335.2021.9599974},
  timestamp    = {Mon, 16 May 2022 14:00:20 +0200},
  biburl       = {https://dblp.org/rec/conf/fruct/StolbovaGI21.bib},
  bibsource    = {dblp computer science bibliography, https://dblp.org}
}

@article{UppadaMVHS22,
  author       = {Santosh Kumar Uppada and
                  K. Manasa and
                  B. Vidhathri and
                  R. Harini and
                  B. Sivaselvan},
  title        = {Novel approaches to fake news and fake account detection in OSNs:
                  user social engagement and visual content centric model},
  journal      = {Soc. Netw. Anal. Min.},
  volume       = {12},
  number       = {1},
  pages        = {52},
  year         = {2022},
  url          = {https://doi.org/10.1007/s13278-022-00878-9},
  doi          = {10.1007/s13278-022-00878-9},
  timestamp    = {Mon, 26 Sep 2022 12:22:00 +0200},
  biburl       = {https://dblp.org/rec/journals/snam/UppadaMVHS22.bib},
  bibsource    = {dblp computer science bibliography, https://dblp.org}
}

@inproceedings{ElyusufiEK19,
  author       = {Yasyn Elyusufi and
                  Zakaria Elyusufi and
                  M'hamed A{\"{\i}}t Kbir},
  title        = {Social networks fake profiles detection based on account setting and
                  activity},
  booktitle    = {Proceedings of the 4th International Conference on Smart City Applications,
                  {SCA} 2019, Casablanca, Morocco, October 02-04, 2019},
  pages        = {37:1--37:5},
  publisher    = {{ACM}},
  year         = {2019},
  url          = {https://doi.org/10.1145/3368756.3369015},
  doi          = {10.1145/3368756.3369015},
  timestamp    = {Sat, 30 Sep 2023 09:55:52 +0200},
  biburl       = {https://dblp.org/rec/conf/sca2/ElyusufiEK19.bib},
  bibsource    = {dblp computer science bibliography, https://dblp.org}
}

@inproceedings{ChenW18,
  author       = {Yeh{-}Cheng Chen and
                  Shyhtsun Felix Wu},
  title        = {FakeBuster: {A} Robust Fake Account Detection by Activity Analysis},
  booktitle    = {9th International Symposium on Parallel Architectures, Algorithms
                  and Programming, {PAAP} 2018, Taipei, Taiwan, December 26-28, 2018},
  pages        = {108--110},
  publisher    = {{IEEE}},
  year         = {2018},
  url          = {https://doi.org/10.1109/PAAP.2018.00026},
  doi          = {10.1109/PAAP.2018.00026},
  timestamp    = {Wed, 16 Oct 2019 14:14:56 +0200},
  biburl       = {https://dblp.org/rec/conf/paap/ChenW18.bib},
  bibsource    = {dblp computer science bibliography, https://dblp.org}
}

@inproceedings{GurajalaWHM15,
  author       = {Supraja Gurajala and
                  Joshua S. White and
                  Brian Hudson and
                  Jeanna N. Matthews},
  editor       = {Anatoliy A. Gruzd and
                  Jenna Jacobson and
                  Philip Mai and
                  Barry Wellman},
  title        = {Fake Twitter accounts: profile characteristics obtained using an activity-based
                  pattern detection approach},
  booktitle    = {Proceedings of the 2015 International Conference on Social Media {\&}
                  Society, Toronto, ON, Canada, July 27-29, 2015},
  pages        = {9:1--9:7},
  publisher    = {{ACM}},
  year         = {2015},
  url          = {https://doi.org/10.1145/2789187.2789206},
  doi          = {10.1145/2789187.2789206},
  timestamp    = {Sat, 09 Apr 2022 12:36:32 +0200},
  biburl       = {https://dblp.org/rec/conf/smsociety/GurajalaWHM15.bib},
  bibsource    = {dblp computer science bibliography, https://dblp.org}
}

@inproceedings{HsuKJ19,
  author       = {Stephen Hsu and
                  David Kes and
                  Alark Joshi},
  editor       = {Thomas Wischgoll and
                  Song Zhang and
                  David L. Kao and
                  Yi{-}Jen Chiang},
  title        = {Visualizing Tweets from Confirmed Fake Russian Accounts},
  booktitle    = {Visualization and Data Analysis 2019, Burlingame, CA, USA, 16-17 January
                  2019},
  publisher    = {Society for Imaging Science and Technology},
  year         = {2019},
  url          = {https://doi.org/10.2352/ISSN.2470-1173.2019.1.VDA-678},
  doi          = {10.2352/ISSN.2470-1173.2019.1.VDA-678},
  timestamp    = {Tue, 18 Jul 2023 16:44:23 +0200},
  biburl       = {https://dblp.org/rec/conf/vda/HsuKJ19.bib},
  bibsource    = {dblp computer science bibliography, https://dblp.org}
}

@article{FahmyAKE23,
  author       = {Sara G. Fahmy and
                  Sayed AbdelGaber and
                  Omar H. Karam and
                  Doaa S. Elzanfaly},
  title        = {Modeling the Influence of Fake Accounts on User Behavior and Information
                  Diffusion in Online Social Networks},
  journal      = {Informatics},
  volume       = {10},
  number       = {1},
  pages        = {27},
  year         = {2023},
  url          = {https://doi.org/10.3390/informatics10010027},
  doi          = {10.3390/INFORMATICS10010027},
  timestamp    = {Mon, 26 Jun 2023 20:57:25 +0200},
  biburl       = {https://dblp.org/rec/journals/informatics/FahmyAKE23.bib},
  bibsource    = {dblp computer science bibliography, https://dblp.org}
}

@inproceedings{LiuTZ08,
  author       = {Fei Tony Liu and
                  Kai Ming Ting and
                  Zhi{-}Hua Zhou},
  title        = {Isolation Forest},
  booktitle    = {Proceedings of the 8th {IEEE} International Conference on Data Mining
                  {(ICDM} 2008), December 15-19, 2008, Pisa, Italy},
  pages        = {413--422},
  publisher    = {{IEEE} Computer Society},
  year         = {2008},
  url          = {https://doi.org/10.1109/ICDM.2008.17},
  doi          = {10.1109/ICDM.2008.17},
  timestamp    = {Fri, 24 Mar 2023 00:01:15 +0100},
  biburl       = {https://dblp.org/rec/conf/icdm/LiuTZ08.bib},
  bibsource    = {dblp computer science bibliography, https://dblp.org}
}

@online{web:Clustering,
      TITLE = "Кластеризация",
      NOTE = "url{https://scikit-learn.ru/clustering/#hierarchical-clustering}"
}

@online{clustering,
  title        = {Кластеризация},
  url          = {https://scikit-learn.ru/clustering/#hierarchical-clustering},
  note         = {Accessed on: \today},
}

@online{dbscan,
  title        = {{DBSCAN}},
  url          = {https://scikit-learn.org/stable/modules/generated/sklearn.cluster.DBSCAN.html},
  note         = {Accessed on: \today},
}
